{
  "leader": "02918cam a22004451i 4500",
  "fields": [
    {
      "001": "ocm00512763\\"
    },
    {
      "003": "OCoLC"
    },
    {
      "005": "20230103124655.0"
    },
    {
      "008": "721212t19581958nyuacf\\\\\\b\\\\\\\\001\\0deng\\\\"
    },
    {
      "010": {
        "ind1": "\\",
        "ind2": "\\",
        "subfields": [
          {
            "a": "   58009890 "
          }
        ]
      }
    },
    {
      "040": {
        "ind1": "\\",
        "ind2": "\\",
        "subfields": [
          {
            "a": "DLC"
          },
          {
            "b": "eng"
          },
          {
            "e": "rda"
          },
          {
            "c": "DLC"
          },
          {
            "d": "WSU"
          },
          {
            "d": "SER"
          },
          {
            "d": "PIT"
          },
          {
            "d": "MUQ"
          },
          {
            "d": "UW1"
          },
          {
            "d": "STF"
          },
          {
            "d": "CKL"
          },
          {
            "d": "OCLCF"
          },
          {
            "d": "OCLCQ"
          },
          {
            "d": "CUS"
          },
          {
            "d": "EZU"
          },
          {
            "d": "OCL"
          },
          {
            "d": "OCLCQ"
          },
          {
            "d": "NLC"
          },
          {
            "d": "OCLCQ"
          },
          {
            "d": "ICN"
          },
          {
            "d": "GILDS"
          },
          {
            "d": "TYC"
          },
          {
            "d": "OCLCQ"
          },
          {
            "d": "CNO"
          },
          {
            "d": "JHE"
          },
          {
            "d": "BDP"
          },
          {
            "d": "OCL"
          },
          {
            "d": "COH"
          },
          {
            "d": "CNCCA"
          },
          {
            "d": "OCLCO"
          },
          {
            "d": "OCL"
          },
          {
            "d": "J9U"
          }
        ]
      }
    },
    {
      "016": {
        "ind1": "\\",
        "ind2": "\\",
        "subfields": [
          {
            "a": "(AMICUS)000008087485"
          }
        ]
      }
    },
    {
      "019": {
        "ind1": "\\",
        "ind2": "\\",
        "subfields": [
          {
            "a": "873127"
          },
          {
            "a": "1029434160"
          },
          {
            "a": "1111711304"
          },
          {
            "a": "1132919656"
          },
          {
            "a": "1138923994"
          },
          {
            "a": "1229191466"
          },
          {
            "a": "1231462119"
          }
        ]
      }
    },
    {
      "035": {
        "ind1": "\\",
        "ind2": "\\",
        "subfields": [
          {
            "a": "(OCoLC)512763"
          },
          {
            "z": "(OCoLC)873127"
          },
          {
            "z": "(OCoLC)1029434160"
          },
          {
            "z": "(OCoLC)1111711304"
          },
          {
            "z": "(OCoLC)1132919656"
          },
          {
            "z": "(OCoLC)1138923994"
          },
          {
            "z": "(OCoLC)1229191466"
          },
          {
            "z": "(OCoLC)1231462119"
          }
        ]
      }
    },
    {
      "042": {
        "ind1": "\\",
        "ind2": "\\",
        "subfields": [
          {
            "a": "premarc"
          }
        ]
      }
    },
    {
      "043": {
        "ind1": "\\",
        "ind2": "\\",
        "subfields": [
          {
            "a": "n-us---"
          }
        ]
      }
    },
    {
      "050": {
        "ind1": "\\",
        "ind2": "4",
        "subfields": [
          {
            "a": "N5201"
          },
          {
            "b": ".S23 1958"
          }
        ]
      }
    },
    {
      "082": {
        "ind1": "0",
        "ind2": "4",
        "subfields": [
          {
            "a": "708u.130922"
          },
          {
            "b": "SAA"
          }
        ]
      }
    },
    {
      "100": {
        "ind1": "1",
        "ind2": "\\",
        "subfields": [
          {
            "a": "Saarinen, Aline B."
          },
          {
            "q": "(Aline Bernstein),"
          },
          {
            "d": "1914-1972,"
          },
          {
            "e": "author."
          }
        ]
      }
    },
    {
      "245": {
        "ind1": "1",
        "ind2": "4",
        "subfields": [
          {
            "a": "The proud possessors :"
          },
          {
            "b": "the lives, times, and tastes of some adventurous American art collectors /"
          },
          {
            "c": "Aline B. Saarinen."
          }
        ]
      }
    },
    {
      "264": {
        "ind1": "\\",
        "ind2": "1",
        "subfields": [
          {
            "a": "New York :"
          },
          {
            "b": "Random House,"
          },
          {
            "c": "[1958]"
          }
        ]
      }
    },
    {
      "264": {
        "ind1": "\\",
        "ind2": "4",
        "subfields": [
          {
            "c": "\u00a91958"
          }
        ]
      }
    },
    {
      "300": {
        "ind1": "\\",
        "ind2": "\\",
        "subfields": [
          {
            "a": "xxiv, 423 pages, 32 unnumbered pages of plates :"
          },
          {
            "b": "illustrations, portraits ;"
          },
          {
            "c": "24 cm"
          }
        ]
      }
    },
    {
      "336": {
        "ind1": "\\",
        "ind2": "\\",
        "subfields": [
          {
            "a": "text"
          },
          {
            "b": "txt"
          },
          {
            "2": "rdacontent"
          }
        ]
      }
    },
    {
      "337": {
        "ind1": "\\",
        "ind2": "\\",
        "subfields": [
          {
            "a": "unmediated"
          },
          {
            "b": "n"
          },
          {
            "2": "rdamedia"
          }
        ]
      }
    },
    {
      "338": {
        "ind1": "\\",
        "ind2": "\\",
        "subfields": [
          {
            "a": "volume"
          },
          {
            "b": "nc"
          },
          {
            "2": "rdacarrier"
          }
        ]
      }
    },
    {
      "504": {
        "ind1": "\\",
        "ind2": "\\",
        "subfields": [
          {
            "a": "Includes bibliographical references (pages 397-414) and index."
          }
        ]
      }
    },
    {
      "505": {
        "ind1": "0",
        "ind2": "\\",
        "subfields": [
          {
            "a": "Foreword -- Introduction -- Provincial princess: Mrs. Potter Palmer -- C'est mon plaisir: Isabella Stewart Gardner -- The grandiose gesture: J. Pierpont Morgan -- Gamesmanship: John G. Johnson -- Tea and champagne: Charles Lang Freer -- The last word: The Henry O. Havemeyers -- Americans in Paris: Gertrude, Leo, Michael and Sarah Stein -- Patron: John Quinn -- Propagandist: Katherine Sophie Dreiser -- The quiet world: Edward Wales Root -- Little man in a big hurry: Joseph H. Hirshhorn -- Americana: Electra Havemeyer Webb -- Cowboys and Indians: Thomas Gilcrease -- Appassionata of the avant-garde: Peggy Guggenheim -- The one luxury: The Rockefellers."
          }
        ]
      }
    },
    {
      "510": {
        "ind1": "4",
        "ind2": "\\",
        "subfields": [
          {
            "a": "Wilson, R. A. Gertrude Stein,"
          },
          {
            "c": "J"
          }
        ]
      }
    },
    {
      "520": {
        "ind1": "\\",
        "ind2": "\\",
        "subfields": [
          {
            "a": "Includes material on the art collections of J. Pierpont Morgan, Thomas Gilcrease, Peggy Guggenheim, the Rockefeller family, and the Stein family, among others."
          }
        ]
      }
    },
    {
      "650": {
        "ind1": "\\",
        "ind2": "0",
        "subfields": [
          {
            "a": "Art"
          },
          {
            "x": "Collectors and collecting"
          },
          {
            "z": "United States"
          },
          {
            "v": "Biography."
          }
        ]
      }
    },
    {
      "650": {
        "ind1": "\\",
        "ind2": "0",
        "subfields": [
          {
            "a": "Art objects"
          },
          {
            "x": "Collectors and collecting."
          }
        ]
      }
    },
    {
      "650": {
        "ind1": "\\",
        "ind2": "7",
        "subfields": [
          {
            "a": "Art objects"
          },
          {
            "x": "Collectors and collecting."
          },
          {
            "2": "fast"
          },
          {
            "0": "(OCoLC)fst00815678"
          }
        ]
      }
    },
    {
      "650": {
        "ind1": "\\",
        "ind2": "7",
        "subfields": [
          {
            "a": "Art"
          },
          {
            "x": "Collectors and collecting."
          },
          {
            "2": "fast"
          },
          {
            "0": "(OCoLC)fst00815195"
          }
        ]
      }
    },
    {
      "651": {
        "ind1": "\\",
        "ind2": "7",
        "subfields": [
          {
            "a": "United States."
          },
          {
            "2": "fast"
          },
          {
            "0": "(OCoLC)fst01204155"
          }
        ]
      }
    },
    {
      "655": {
        "ind1": "\\",
        "ind2": "7",
        "subfields": [
          {
            "a": "Biographies."
          },
          {
            "2": "fast"
          },
          {
            "0": "(OCoLC)fst01919896"
          }
        ]
      }
    },
    {
      "776": {
        "ind1": "0",
        "ind2": "8",
        "subfields": [
          {
            "i": "Online version:"
          },
          {
            "a": "Saarinen, Aline B. (Aline Bernstein), 1914-1972."
          },
          {
            "t": "Proud possessors."
          },
          {
            "d": "New York : Random House, 1958"
          },
          {
            "w": "(OCoLC)557696558"
          }
        ]
      }
    },
    {
      "994": {
        "ind1": "\\",
        "ind2": "\\",
        "subfields": [
          {
            "a": "Z0"
          },
          {
            "b": "NYRVC"
          }
        ]
      }
    },
    {
      "948": {
        "ind1": "\\",
        "ind2": "\\",
        "subfields": [
          {
            "h": "NO HOLDINGS IN NYRVC - 932 OTHER HOLDINGS"
          }
        ]
      }
    },
    {
      "999": {
        "ind1": "\\",
        "ind2": "\\",
        "subfields": [
          {
            "a": "00000000011475"
          }
        ]
      }
    }
  ]
}